@misc{julia1,
  author = {Bezanson, Jeff and Edelman, Adam and Karpinski, Stefan and Shah, Viral},
  title = {Julia 1.0},
  year = 2018,
  howpublished = "\url{https://julialang.org/blog/2018/08/one-point-zero}",
  note = "[Online; accessed 2018-09-30]"
}

@misc{benchmarks,
  author = {Bezanson, Jeff and Edelman, Adam and Karpinski, Stefan and Shah, Viral},
  title = {Julia Micro-Benchmarks},
  year = 2018,
  howpublished = "\url{https://julialang.org/benchmarks/}",
  note = "[Online; accessed 2018-09-30]"
}

@article{galler1964improved,
  title={An improved equivalence algorithm},
  author={Galler, Bernard A and Fisher, Michael J},
  journal={Communications of the ACM},
  volume={7},
  number={5},
  pages={301--303},
  year={1964},
  publisher={ACM}
}

@article{zobrist1970new,
  title={A new hashing method with application for game playing},
  author={Zobrist, Albert L},
  journal={ICCA journal},
  volume={13},
  number={2},
  pages={69--73},
  year={1970}
}